<?xml version="1.0" encoding="UTF-8"?><record xmlns="http://www.loc.gov/MARC21/slim" xmlns:cinclude="http://apache.org/cocoon/include/1.0" xmlns:zs="http://www.loc.gov/zing/srw/">
  <leader>00428nz  a2200121n  4500</leader>
  <controlfield tag="001">n  91100906 </controlfield>
  <controlfield tag="003">DLC</controlfield>
  <controlfield tag="005">19911003064822.6</controlfield>
  <controlfield tag="008">911003n| acannaab|          |n aaa |||  </controlfield>
  <datafield tag="010" ind1=" " ind2=" ">
    <subfield code="a">n  91100906 </subfield>
  </datafield>
  <datafield tag="040" ind1=" " ind2=" ">
    <subfield code="a">DLC</subfield>
    <subfield code="c">DLC</subfield>
  </datafield>
  <datafield tag="100" ind1="1" ind2="0">
    <subfield code="a">Kraan, Robbert J.</subfield>
  </datafield>
  <datafield tag="670" ind1=" " ind2=" ">
    <subfield code="a">Care for the elderly, 1991:</subfield>
    <subfield code="b">t.p. (Robbert J. Kraan) p. x (Robbert Kraan; dep. dir. of res. and dev., Ministry of Welfare, Health and Cultural Affairs, Rijswijk, Netherlands)</subfield>
  </datafield>
</record>